@misc{EC:GeoKamMoa21,
	author       = {Marilyn George and Seny Kamara and
	Tarik Moataz},
	title        = {Structured Encryption and
	Dynamic Leakage Suppression},
	booktitle = {EUROCRYPT 2021 - 40th Annual International Conference on the Theory and Applications of Cryptographic Techniques},
	year         = {2021},
}
You w

@inproceedings{APF:GHHKKSST14,
  author    = {Patrick Grofig and
               Isabelle Hang and
               Martin H{\"{a}}rterich and
               Florian Kerschbaum and
               Mathias Kohler and
               Andreas Schaad and
               Axel Schr{\"{o}}pfer and
               Walter Tighzert},
  title     = {Privacy by Encrypted Databases},
  booktitle = {Privacy Technologies and Policy - Second Annual Privacy Forum, {APF}
               2014, Athens, Greece, May 20-21, 2014. Proceedings},
  pages     = {56--69},
  year      = {2014},
}

@inproceedings{song2000practical,
	title={Practical techniques for searches on encrypted data},
	author={Song, Dawn Xiaoding and Wagner, David and Perrig, Adrian},
	booktitle={Proceeding 2000 IEEE Symposium on Security and Privacy. S\&P 2000},
	pages={44--55},
	year={2000},
	organization={IEEE}
}

@misc{encryptedbigquery,
  title = {encrypted-bigquery-client},
  year = {2015},
  publisher = {GitHub},
  journal = {GitHub repository},
  howpublished = {\url{https://github.com/google/encrypted-bigquery-client}},
}

@misc{chicago,
	title = {City of Chicago Data Portal},
	year = {2021},
	publisher = {City of Chicago},
	howpublished = {\url{https://data.cityofchicago.org/}},
}

@misc{Sakila,
title = {Sakila Sample Database},
year = {2021},
publisher = {Oracle Corporation},
howpublished = {\url{https://dev.mysql.com/doc/sakila/en/}},
}

@inproceedings{cipherbase,
  author    = {Arvind Arasu and
               Spyros Blanas and
               Ken Eguro and
               Raghav Kaushik and
               Donald Kossmann and
               Ravishankar Ramamurthy and
               Ramarathnam Venkatesan},
  title     = {Orthogonal Security with Cipherbase},
  booktitle = {CIDR},
  year      = {2013},
}

@inproceedings{SIGMOD:HacHakIyeLi02,
	title={Executing SQL over encrypted data in the database-service-provider model},
	author={Hacig{\"u}m{\"u}{\c{s}}, Hakan and Iyer, Bala and Li, Chen and Mehrotra, Sharad},
	booktitle={Proceedings of the 2002 ACM SIGMOD international conference on Management of data},
	pages={216--227},
	year={2002}
}

@inproceedings{USENIX:DemPapPapShi20,
	title={SEAL: Attack Mitigation for Encrypted Databases via Adjustable Leakage},
	author={Demertzis, Ioannis and Papadopoulos, Dimitrios and Papamanthou, Charalampos and Shintre, Saurabh},
	booktitle={29th USENIX Security Symposium (USENIX Security 20)},
	year={2020}
}

@misc{sqlserver-whitepaper,
	title={Optimizing Your Query Plans with the SQL Server 2014 Cardinality Estimator},
	author={Sack, Joseph},
	year={2014}
}

@inproceedings{cjjkrs,
	title={Highly-scalable searchable symmetric encryption with support for boolean queries},
	author={Cash, David and Jarecki, Stanislaw and Jutla, Charanjit and Krawczyk, Hugo and Ro{\c{s}}u, Marcel-C{\u{a}}t{\u{a}}lin and Steiner, Michael},
	booktitle={Annual cryptology conference},
	pages={353--373},
	year={2013},
	organization={Springer}
}

@inproceedings{CCS:GruLacMinPat18,
	title={Pump up the volume: Practical database reconstruction from volume leakage on range queries},
	author={Grubbs, Paul and Lacharit{\'e}, Marie-Sarah and Minaud, Brice and Paterson, Kenneth G},
	booktitle={Proceedings of the 2018 ACM SIGSAC Conference on Computer and Communications Security},
	pages={315--331},
	year={2018}
}

@article{ACM:TuKaaMadZel13,
	title={Processing analytical queries over encrypted data},
	author={Tu, Stephen Lyle and Kaashoek, M Frans and Madden, Samuel R and Zeldovich, Nickolai},
	year={2013},
	publisher={Association for Computing Machinery (ACM)}
}

@inproceedings{grubbs2017leakage,
	title={Leakage-abuse attacks against order-revealing encryption},
	author={Grubbs, Paul and Sekniqi, Kevin and Bindschaedler, Vincent and Naveed, Muhammad and Ristenpart, Thomas},
	booktitle={2017 IEEE Symposium on Security and Privacy (SP)},
	pages={655--672},
	year={2017},
	organization={IEEE}
}

@misc{EPRINT:BlaKamMoa19,
	author = {Laura Blackstone and Seny Kamara and Tarik Moataz},
	title = {Revisiting Leakage Abuse Attacks},
	howpublished = {Cryptology ePrint Archive, Report 2019/1175},
	year = {2019},
	note = {\url{https://eprint.iacr.org/2019/1175}},
}

@inproceedings{CCS:GuiJonWar19,
	title={Encrypted databases: New volume attacks against range queries},
	author={Gui, Zichen and Johnson, Oliver and Warinschi, Bogdan},
	booktitle={Proceedings of the 2019 ACM SIGSAC Conference on Computer and Communications Security},
	pages={361--378},
	year={2019}
}

@inproceedings{ChaMer77,
	title={Optimal implementation of conjunctive queries in relational data bases},
	author={Chandra, Ashok K and Merlin, Philip M},
	booktitle={Proceedings of the ninth annual ACM symposium on Theory of computing},
	pages={77--90},
	year={1977}
}

@inproceedings{AlwaysEncryptedPaper,
	title={Azure SQL Database Always Encrypted},
	author={Antonopoulos, Panagiotis and Arasu, Arvind and Singh, Kunal D and Eguro, Ken and Gupta, Nitish and Jain, Rajat and Kaushik, Raghav and Kodavalla, Hanuma and Kossmann, Donald and Ogg, Nikolas and others},
	booktitle={Proceedings of the 2020 ACM SIGMOD International Conference on Management of Data},
	pages={1511--1525},
	year={2020}
}

@inproceedings{ACNS:CasNgRiv21,
	title={Improved Structured Encryption for SQL Databases via Hybrid Indexing},
	author={Cash, David and Ng, Ruth and Rivkin, Adam},
	booktitle={International Conference on Applied Cryptography and Network Security},
	pages={480--510},
	year={2021},
	organization={Springer}
}

@inproceedings{PRZ+11,
  title={CryptDB: A Practical Encrypted Relational DBMS},
  author={Popa, Raluca Ada and Redfield, Catherine M. S. and Zeldovich, Nickolai and Balakrishnan, Hari},
  booktitle={ In Proceedings of the 23rd ACM Symposium on Operating Systems Principles (SOSP)},
  year={October 2011},  
  publisher={ACM},
  address={Cascais, Portugal}
}

@inproceedings{EC:BelRog06,
	title={The security of triple encryption and a framework for code-based game-playing proofs},
	author={Bellare, Mihir and Rogaway, Phillip},
	booktitle={Annual International Conference on the Theory and Applications of Cryptographic Techniques},
	pages={409--426},
	year={2006},
	organization={Springer}
}

@article{SIGMOD:KacHajKer20,
	title={SAGMA: Secure Aggregation Grouped by Multiple Attributes},
	author={Hackenjos, Timon and Hahn, Florian and Kerschbaum, Florian},
	journal={ACM SIGMOD Record},
	year={2020},
	publisher={ACM New York, NY, USA}
}

@article{fong2003potential,
	title={Potential Security Holes in Hac{\i}g{\"u}m{\"u}sâ€™ Scheme of Executing SQL over Encrypted Data},
	author={Fong, Kenny CK},
	year={2003}
}

@inproceedings{ciriani2009keep,
	title={Keep a few: Outsourcing data while maintaining confidentiality},
	author={Ciriani, Valentina and Di Vimercati, Sabrina De Capitani and Foresti, Sara and Jajodia, Sushil and Paraboschi, Stefano and Samarati, Pierangela},
	booktitle={European Symposium on Research in Computer Security},
	pages={440--455},
	year={2009},
	organization={Springer}
}

@inproceedings{damiani2003balancing,
	title={Balancing confidentiality and efficiency in untrusted relational DBMSs},
	author={Damiani, Ernesto and Vimercati, S De Capitani and Jajodia, Sushil and Paraboschi, Stefano and Samarati, Pierangela},
	booktitle={Proceedings of the 10th ACM conference on Computer and communications security},
	pages={93--102},
	year={2003}
}

@inproceedings{evdokimov2007encryption,
	title={Encryption techniques for secure database outsourcing},
	author={Evdokimov, Sergei and G{\"u}nther, Oliver},
	booktitle={European Symposium on Research in Computer Security},
	pages={327--342},
	year={2007},
	organization={Springer}
}

@inproceedings{yang2006privacy,
	title={Privacy-preserving queries on encrypted data},
	author={Yang, Zhiqiang and Zhong, Sheng and Wright, Rebecca N},
	booktitle={European Symposium on Research in Computer Security},
	pages={479--495},
	year={2006},
	organization={Springer}
}

@article{bater2017smcql,
	title={SMCQL: secure querying for federated databases},
	author={Bater, Johes and Elliott, Gregory and Eggen, Craig and Goel, Satyender and Kho, Abel and Rogers, Jennie},
	journal={Proceedings of the VLDB Endowment},
	volume={10},
	number={6},
	pages={673--684},
	year={2017},
	publisher={VLDB Endowment}
}

@inproceedings{chow2009two,
	title={Two-Party Computation Model for Privacy-Preserving Queries over Distributed Databases.},
	author={Chow, Sherman SM and Lee, Jie-Han and Subramanian, Lakshminarayanan},
	booktitle={NDSS},
	year={2009},
	organization={Citeseer}
}

@inproceedings{garg2016tworam,
	title={TWORAM: efficient oblivious RAM in two rounds with applications to searchable encryption},
	author={Garg, Sanjam and Mohassel, Payman and Papamanthou, Charalampos},
	booktitle={Annual International Cryptology Conference},
	pages={563--592},
	year={2016},
	organization={Springer}
}

@inproceedings{kantarcioglu2005security,
	title={Security issues in querying encrypted data},
	author={Kantarc{\i}oglu, Murat and Clifton, Chris},
	booktitle={IFIP Annual Conference on Data and Applications Security and Privacy},
	pages={325--337},
	year={2005},
	organization={Springer}
}

@inproceedings{cao2020querying,
	title={Querying Shared Data with Security Heterogeneity},
	author={Cao, Yang and Fan, Wenfei and Wang, Yanghao and Yi, Ke},
	booktitle={Proceedings of the 2020 ACM SIGMOD International Conference on Management of Data},
	pages={575--585},
	year={2020}
}

@article{bajaj2013trusteddb,
	title={TrustedDB: A trusted hardware-based database with privacy and data confidentiality},
	author={Bajaj, Sumeet and Sion, Radu},
	journal={IEEE Transactions on Knowledge and Data Engineering},
	volume={26},
	number={3},
	pages={752--765},
	year={2013},
	publisher={IEEE}
}

@inproceedings{jaeger2020handling,
	title={Handling adaptive compromise for practical encryption schemes},
	author={Jaeger, Joseph and Tyagi, Nirvan},
	booktitle={Annual International Cryptology Conference},
	pages={3--32},
	year={2020},
	organization={Springer}
}

@article{kamara2018encrypted,
	title={Encrypted Multi-Maps with Computationally-Secure Leakage.},
	author={Kamara, Seny and Moataz, Tarik},
	journal={IACR Cryptol. ePrint Arch.},
	volume={2018},
	pages={978},
	year={2018}
}

@inproceedings{patel2019mitigating,
	title={Mitigating leakage in secure cloud-hosted data structures: Volume-hiding for multi-maps via hashing},
	author={Patel, Sarvar and Persiano, Giuseppe and Yeo, Kevin and Yung, Moti},
	booktitle={Proceedings of the 2019 ACM SIGSAC Conference on Computer and Communications Security},
	pages={79--93},
	year={2019}
}

@inproceedings{kamara2018structured,
	title={Structured encryption and leakage suppression},
	author={Kamara, Seny and Moataz, Tarik and Ohrimenko, Olya},
	booktitle={Annual International Cryptology Conference},
	pages={339--370},
	year={2018},
	organization={Springer}
}

@inproceedings{NDSS:CasJaeJarJut14,
	title={Dynamic searchable encryption in very-large databases: data structures and implementation.},
	author={Cash, David and Jaeger, Joseph and Jarecki, Stanislaw and Jutla, Charanjit S and Krawczyk, Hugo and Rosu, Marcel-Catalin and Steiner, Michael},
	booktitle={NDSS},
	volume={14},
	pages={23--26},
	year={2014},
	organization={Citeseer}
}

@inproceedings{VLDB:GeZdo07,
	title={Answering aggregation queries in a secure system model},
	author={Ge, Tingjian and Zdonik, Stan},
	booktitle={Proceedings of the 33rd international conference on Very large data bases},
	pages={519--530},
	year={2007}
}

@inproceedings{Springer:KamMoa18,
	title={SQL on structurally-encrypted databases},
	author={Kamara, Seny and Moataz, Tarik},
	booktitle={International Conference on the Theory and Application of Cryptology and Information Security},
	pages={149--180},
	year={2018},
	organization={Springer}
}

@incollection{Springer:Codd02,
	title={A relational model of data for large shared data banks},
	author={Codd, Edgar F},
	booktitle={Software pioneers},
	pages={263--294},
	year={2002},
	publisher={Springer}
}

@article{posixRegex,
	title={Information Technology â€” Portable Operating System Interface (POSIX) â€” Part 2: Shell and Utilities},
	author={International Organization for Standardization},
	journal={ISO/IEC 9945-2},
	year={1993},
	publisher={IEEE}
}

@article{JACM:HelLibNurWon01,
	title={Logics with aggregate operators},
	author={Hella, Lauri and Libkin, Leonid and Nurmonen, Juha and Wong, Limsoon},
	journal={Journal of the ACM (JACM)},
	volume={48},
	number={4},
	pages={880--907},
	year={2001},
	publisher={ACM New York, NY, USA}
}

@misc{YouTube:Wieck16,
	author = {Jan Wieck},
	title = {PGCon 2016: Benchmarking Databases},
	howpublished = {Youtube},
	year = {2015},
	note = {\url{https://www.youtube.com/watch?v=qYeRHK6oq7g} Accessed: 2020-02-29}
}

@misc{sysbenchRepo,
	author = {Alexey Kopytov},
	title = {akopytov/sysbench: Scriptable database and system performance benchmark},
	howpublished = {GitHub},
	year = {2020},
	note = {\url{https://github.com/akopytov/sysbench} Accessed: 2020-02-29}
}

@misc{YouTube:Friedenbach17,
	author = {Peter Friedenbach},
	title = {Demystifying Benchmarks: How to Use Them To Better Evaluate Databases},
	howpublished = {Youtube},
	year = {2017},
	note = {\url{https://www.youtube.com/watch?v=RFKNDQa29qA} Accessed: 2020-02-29}
}

@article{sysbenchManual,
	title={Sysbench manual},
	author={Kopytov, Alexey},
	journal={MySQL AB},
	pages={2--3},
	year={2012}
}

@inproceedings{linkbench,
	title={LinkBench: a database benchmark based on the Facebook social graph},
	author={Armstrong, Timothy G and Ponnekanti, Vamsi and Borthakur, Dhruba and Callaghan, Mark},
	booktitle={Proceedings of the 2013 ACM SIGMOD International Conference on Management of Data},
	pages={1185--1196},
	year={2013}
}

@misc{linkbenchRepo,
	author = {Christine Abernathy},
	title = {facebookarchive/linkbench: Facebook Graph Benchmark},
	howpublished = {GitHub},
	year = {2016},
	note = {\url{https://github.com/facebookarchive/linkbench} Accessed: 2020-02-29}
}

@misc{linkbenchDataModel,
	author = {Timothy Armstrong},
	title = {facebookarchive/linkbench: LinkBench Data and Queries},
	howpublished = {GitHub},
	year = {2012},
	note = {\url{https://github.com/facebookarchive/linkbench/blob/master/DataModel.md} Accessed: 2020-02-29}
}

@misc{tpc,
	author = {TPC},
	title = {TPC},
	howpublished = {TPC},
	year = {2020},
	note = {\url{http://www.tpc.org/default5.asp} Accessed: 2020-02-29}
}

@misc{EPRINT:KamMoaZdoZha20,
	author = {Seny Kamara and Tarik Moataz and Stan Zdonik and Zheguang Zhao},
	title = {An Optimal Relational Database Encryption Scheme},
	howpublished = {Cryptology ePrint Archive, Report 2020/274},
	year = {2020},
	note = {\url{https://eprint.iacr.org/2020/274} Accessed: 2020-02-29}
}

@book{textbook-query,
	title={Database System Concepts},
	author={Korth, H.F. and Sudarshan, S. and Abraham Silberschatz, P.},
	isbn={9780073523323},
	lccn={2009039039},
	year={2010},
	pages={537-539},
	publisher={McGraw-Hill Education}
}

@misc{postgresOID,
	author = {The PostgreSQL Global Development Group},
	title = {PostgreSQL Documentation 12.8.19: Object Identifier Types},
	howpublished = {PostgreSQL},
	year = {2020},
	note = {\url{https://www.postgresql.org/docs/8.0/datatype-oid.html} Accessed: 2020-02-29}
}

@misc{mysqlINDEX,
	author = {MySQL},
	title = {MySQL 8.0 Reference Manual: 15.6.2.1 Clustered and Secondary Indexes},
	howpublished = {Oracle Corporation},
	year = {2020},
	note = {\url{https://dev.mysql.com/doc/refman/8.0/en/innodb-index-types.html} Accessed: 2020-02-29}
}

@misc{EPRINT:CurGarKamOst,
	author = {Reza Curtmola and Juan Garay and Seny Kamara and Rafail Ostrovsky},
	title = {Searchable Symmetric Encryption: Improved Definitions and Efficient Constructions },
	howpublished = {Cryptology ePrint Archive, Report 2006/210},
	year = {2006},
	note = {\url{https://eprint.iacr.org/2006/210}}
}

@inproceedings{CCS:KamPapRow12,
	title={Dynamic searchable symmetric encryption},
	author={Kamara, Seny and Papamanthou, Charalampos and Roeder, Tom},
	booktitle={Proceedings of the 2012 ACM conference on Computer and communications security},
	pages={965--976},
	year={2012}
}

@inproceedings{AC:ChaKam10,
	title={Structured encryption and controlled disclosure},
	author={Chase, Melissa and Kamara, Seny},
	booktitle={International Conference on the Theory and Application of Cryptology and Information Security},
	pages={577--594},
	year={2010},
	organization={Springer}
}

@inproceedings{SOSP:PopRedZel11,
	title={CryptDB: protecting confidentiality with encrypted query processing},
	author={Popa, Raluca Ada and Redfield, Catherine MS and Zeldovich, Nickolai and Balakrishnan, Hari},
	booktitle={Proceedings of the Twenty-Third ACM Symposium on Operating Systems Principles},
	pages={85--100},
	year={2011}
}

@misc{EPRINT:KamMoa16,
	author = {Seny Kamara and Tarik Moataz},
	title = {SQL on Structurally-Encrypted Databases},
	howpublished = {Cryptology ePrint Archive, Report 2016/453},
	year = {2016},
	note = {\url{https://eprint.iacr.org/2016/453}}
}

@misc{EPRINT:FabJarKraNgu15,
	author = {Sky Faber and Stanislaw Jarecki and Hugo Krawczyk and Quan Nguyen and Marcel Rosu and Michael Steiner},
	title = {Rich Queries on Encrypted Data: Beyond Exact Matches},
	howpublished = {Cryptology ePrint Archive, Report 2015/927},
	year = {2015},
	note = {\url{https://eprint.iacr.org/2015/927}}
}

@misc{Liu19,
	author = {Ryan Amos and Robert Liu},
	title = {Reimplementing CryptDB},
	howpublished = {Medium.com},
	year = {2019},
	note = {\url{https://medium.com/princeton-systems-course/re-implementing-cryptdb-dbb8c582e9d9} Accessed: 2020-02-29}
}

@inproceedings{CCS:NavKamWri15,
	title={Inference attacks on property-preserving encrypted databases},
	author={Naveed, Muhammad and Kamara, Seny and Wright, Charles V},
	booktitle={Proceedings of the 22nd ACM SIGSAC Conference on Computer and Communications Security},
	pages={644--655},
	year={2015}
}

@misc{EPRINT:BinGruCasRis17,
	author = {Vincent Bindschaedler and Paul Grubbs and David Cash and Thomas Ristenpart and Vitaly Shmatikov},
	title = {The Tao of Inference in Privacy-Protected Databases},
	howpublished = {Cryptology ePrint Archive, Report 2017/1078},
	year = {2017},
	note = {\url{https://eprint.iacr.org/2017/1078}}
}

@article{VLDB:BinGruCasRis18,
	title={The tao of inference in privacy-protected databases},
	author={Bindschaedler, Vincent and Grubbs, Paul and Cash, David and Ristenpart, Thomas and Shmatikov, Vitaly},
	journal={Proceedings of the VLDB Endowment},
	volume={11},
	number={11},
	pages={1715--1728},
	year={2018},
	publisher={VLDB Endowment}
}

@misc{EPRINT:CasGruPerRis16,
	author = {David Cash and Paul Grubbs and Jason Perry and Thomas Ristenpart},
	title = {Leakage-Abuse Attacks Against Searchable Encryption},
	howpublished = {Cryptology ePrint Archive, Report 2016/718},
	year = {2016},
	note = {\url{https://eprint.iacr.org/2016/718}}
}

@article{PopZel12,
	title={Cryptographic treatment of CryptDB's adjustable join},
	author={Popa, Raluca Ada and Zeldovich, Nickolai},
	year={2012}
}

@inproceedings{CCS:KKNO16,
	title={Generic attacks on secure outsourced databases},
	author={Kellaris, Georgios and Kollios, George and Nissim, Kobbi and O'neill, Adam},
	booktitle={Proceedings of the 2016 ACM SIGSAC Conference on Computer and Communications Security},
	pages={1329--1340},
	year={2016}
}

@article{poddar2020practical,
	title={Practical Volume-Based Attacks on Encrypted Databases},
	author={Poddar, Rishabh and Wang, Stephanie and Lu, Jianan and Popa, Raluca Ada},
	journal={arXiv preprint arXiv:2008.06627},
	year={2020}
}

@book{garcia2000database,
	title={Database system implementation},
	author={Garcia-Molina, Hector and Ullman, Jeffrey D and Widom, Jennifer},
	volume={672},
	year={2000},
	publisher={Prentice Hall Upper Saddle River, NJ:}
}

@phdthesis{bruno2003statistics,
	title={Statistics on query expressions in relational database management systems},
	author={Bruno, Nicolas and Gravano, Luis},
	year={2003},
	school={Columbia University}
}

@book{fritchey2012sql,
	title={SQL Server Execution Plans},
	author={Fritchey, Grant},
	year={2012},
	publisher={Red gate books}
}

@misc{sack2014optimizing,
title={Optimizing Your Query Plans with the SQL Server 2014 Cardinality Estimator},
author={Sack, Joseph},
year={2014}
}

